@book{sutton2018reinforcement,
  title={Reinforcement learning: An introduction},
  author={Sutton, Richard S and Barto, Andrew G},
  year={2018},
  publisher={MIT press}
}
@techreport{bellman1954theory,
  title={The theory of dynamic programming},
  author={Bellman, Richard},
  year={1954},
  institution={Rand corp santa monica ca}
}
@ARTICLE{bellman1957theory,
    author = "Richard Bellman",
     title = "A Markovian Decision Process",
   journal = "Indiana Univ. Math. J.",
  fjournal = "Indiana University Mathematics Journal",
    volume = 6,
      year = 1957,
     issue = 4,
     pages = "679--684",
      issn = "0022-2518",
     coden = "IUMJAB",
   mrclass = "",
}
@article{johnson1961sequential,
  title={Sequential analysis: A survey},
  author={Johnson, NL},
  journal={Journal of the Royal Statistical Society: Series A (General)},
  volume={124},
  number={3},
  pages={372--411},
  year={1961},
  publisher={Wiley Online Library}
}

@article{10.1145/2827872,
author = {Harper, F. Maxwell and Konstan, Joseph A.},
title = {The MovieLens Datasets: History and Context},
year = {2015},
issue_date = {January 2016},
publisher = {Association for Computing Machinery},
address = {New York, NY, USA},
volume = {5},
number = {4},
issn = {2160-6455},
url = {https://doi.org/10.1145/2827872},
doi = {10.1145/2827872},
journal = {ACM Trans. Interact. Intell. Syst.},
month = dec,
articleno = {Article 19},
numpages = {19},
keywords = {ratings, Datasets, recommendations, MovieLens}
}
  

@inproceedings{canamares2019multi,
  title={Multi-armed recommender system bandit ensembles},
  author={Ca{\~n}amares, Roc{\'\i}o and Redondo, Marcos and Castells, Pablo},
  booktitle={Proceedings of the 13th ACM Conference on Recommender Systems},
  pages={432--436},
  year={2019}
}

@inproceedings{broden2018ensemble,
  title={Ensemble recommendations via Thompson Sampling: An experimental study within e-commerce},
  author={Brod{\'e}n, Bj{\"o}rn and Hammar, Mikael and Nilsson, Bengt J and Paraschakis, Dimitris},
  booktitle={23rd International Conference on Intelligent User Interfaces},
  pages={19--29},
  year={2018}
}

@phdthesis{bouneffouf2013drars,
  title={DRARS, a dynamic risk-aware recommender system},
  author={Bouneffouf, Djallel},
  year={2013}
}

@article{LAZARIC,
author = {Alessandro Lazaric},
doi = {10.1142/9789814503013_0009},
file = {:home/djoroya/Dropbox/Jesus-Oroya-Villalta/Bibliography/LAZARIC - MDP and DP.pdf:pdf},
mendeley-groups = {Tesis-RF},
pages = {160--183},
title = {{Decision Processes and Dynamic Programming}},
journal={Course on Reinforcement Learning},
year = {2013},
url = {http://chercheurs.lille.inria.fr/~lazaric/Webpage/MVA-RL_Course13.html}
}

@article{banach1922operations,
  title={Sur les op{\'e}rations dans les ensembles abstraits et leur application aux {\'e}quations int{\'e}grales},
  author={Banach, Stefan},
  journal={Fund. math},
  volume={3},
  number={1},
  pages={133--181},
  year={1922}
}

@article{bell2007bellkor,
  title={The bellkor solution to the netflix prize},
  author={Bell, Robert M and Koren, Yehuda and Volinsky, Chris},
  journal={KorBell Teamâ€™s Report to Netflix},
  year={2007},
  publisher={Citeseer}
}

@incollection{schafer2007collaborative,
  title={Collaborative filtering recommender systems},
  author={Schafer, J Ben and Frankowski, Dan and Herlocker, Jon and Sen, Shilad},
  booktitle={The adaptive web},
  pages={291--324},
  year={2007},
  publisher={Springer}
}

@article{shani2005mdp,
  title={An MDP-based recommender system},
  author={Shani, Guy and Heckerman, David and Brafman, Ronen I},
  journal={Journal of Machine Learning Research},
  volume={6},
  number={Sep},
  pages={1265--1295},
  year={2005}
}

@incollection{lops2011content,
  title={Content-based recommender systems: State of the art and trends},
  author={Lops, Pasquale and De Gemmis, Marco and Semeraro, Giovanni},
  booktitle={Recommender systems handbook},
  pages={73--105},
  year={2011},
  publisher={Springer}
}

@inproceedings{jaakkola1995reinforcement,
  title={Reinforcement learning algorithm for partially observable Markov decision problems},
  author={Jaakkola, Tommi and Singh, Satinder P and Jordan, Michael I},
  booktitle={Advances in neural information processing systems},
  pages={345--352},
  year={1995}
}

@article{MovieLens,
author = {Harper, F. Maxwell and Konstan, Joseph A.},
title = {The MovieLens Datasets: History and Context},
year = {2015},
issue_date = {January 2016},
publisher = {Association for Computing Machinery},
address = {New York, NY, USA},
volume = {5},
number = {4},
issn = {2160-6455},
url = {https://doi.org/10.1145/2827872},
doi = {10.1145/2827872},
journal = {ACM Trans. Interact. Intell. Syst.},
month = dec,
articleno = {19},
numpages = {19},
keywords = {ratings, MovieLens, recommendations, Datasets}
}
  

@inproceedings{fujimoto2019off,
  title={Off-policy deep reinforcement learning without exploration},
  author={Fujimoto, Scott and Meger, David and Precup, Doina},
  booktitle={International Conference on Machine Learning},
  pages={2052--2062},
  year={2019}
}

@MISC{WikiRF,
    author = {{Wikipedia}},
    title = {Reinforcement learning diagram (\url{https://commons.wikimedia.org/wiki/File:Reinforcement_learning_diagram.svg})},
    year = {2017},
    url = {https://commons.wikimedia.org/wiki/File:Reinforcement_learning_diagram.svg}
}


@MISC{MATPCA,
    author = {{MATLAB Machine Learning Toolbox}},
    title = { MATLAB PCA Function (\url{https://www.mathworks.com/help/stats/pca.html})},
    year = {2012},
    url = {https://www.mathworks.com/help/stats/pca.html}
}

